<record><leader>00000cas a22000007a 4500</leader><controlfield tag="001">33419462</controlfield><controlfield tag="008">951103d18uu185umauwr ne      0    0eng d</controlfield><datafield ind1=" " ind2=" " tag="010"><subfield code="a">sn 95068681 </subfield></datafield><datafield ind1=" " ind2=" " tag="040"><subfield code="a">MGN</subfield><subfield code="b">eng</subfield><subfield code="c">MGN</subfield><subfield code="d">OCLCQ</subfield></datafield><datafield ind1=" " ind2=" " tag="042"><subfield code="a">msc</subfield></datafield><datafield ind1="0" ind2="0" tag="245"><subfield code="a">Life in Boston and New England police gazette.</subfield></datafield><datafield ind1="3" ind2="0" tag="246"><subfield code="a">Life in Boston</subfield></datafield><datafield ind1="3" ind2="0" tag="246"><subfield code="a">New England police gazette</subfield></datafield><datafield ind1=" " ind2=" " tag="260"><subfield code="a">Boston [Mass.] :</subfield><subfield code="b">E.L. Davis</subfield></datafield><datafield ind1=" " ind2=" " tag="300"><subfield code="a">v.</subfield></datafield><datafield ind1=" " ind2=" " tag="310"><subfield code="a">Weekly</subfield></datafield><datafield ind1=" " ind2=" " tag="588"><subfield code="a">Description based on: Vol. 3, no. 46 (July 26, 1851).</subfield></datafield><datafield ind1=" " ind2=" " tag="752"><subfield code="a">United States</subfield><subfield code="b">Massachusetts</subfield><subfield code="c">Suffolk</subfield><subfield code="d">Boston.</subfield></datafield><datafield ind1="0" ind2="0" tag="780"><subfield code="t">Life in Boston</subfield><subfield code="w">(DLC)sn 93059322</subfield></datafield><datafield ind1="0" ind2="0" tag="785"><subfield code="t">Life in Boston and New York</subfield><subfield code="w">(DLC)sn 93059323</subfield></datafield></record>